<marc:record xmlns:marc="http://www.loc.gov/MARC21/slim"><marc:leader>00546nam a22001450a 45 0</marc:leader><marc:controlfield tag="001">307455</marc:controlfield><marc:controlfield tag="003">NL-AMISG</marc:controlfield><marc:controlfield tag="005">19950210234845.0</marc:controlfield><marc:controlfield tag="008">199502suuuuuuuu||||||||||||||||||||||| d</marc:controlfield><marc:datafield ind1=" " ind2=" " tag="035"><marc:subfield code="a">(IISG)IISGb10048372</marc:subfield></marc:datafield><marc:datafield ind1=" " ind2=" " tag="040"><marc:subfield code="a">NL-AmISG</marc:subfield></marc:datafield><marc:datafield ind1="1" ind2=" " tag="100"><marc:subfield code="a">Bagehot, Walter.</marc:subfield></marc:datafield><marc:datafield ind1="1" ind2="0" tag="245"><marc:subfield code="a">Physics and politics; or, Thoughts on the application of the principles of "natural selection" and "inheritance to political society".</marc:subfield></marc:datafield><marc:datafield ind1=" " ind2=" " tag="250"><marc:subfield code="a">4th ed.</marc:subfield></marc:datafield><marc:datafield ind1=" " ind2=" " tag="260"><marc:subfield code="a">London,</marc:subfield><marc:subfield code="c">1872.</marc:subfield></marc:datafield><marc:datafield ind1=" " ind2=" " tag="690"><marc:subfield code="a">A 601</marc:subfield><marc:subfield code="b">Generalities; political sciences; general surveys, introductions</marc:subfield><marc:subfield code="c">Algemeen; politieke wetenschappen; algemeen; algemene werken, inleidingen.</marc:subfield></marc:datafield><marc:datafield ind1=" " ind2=" " tag="852"><marc:subfield code="a">IISG</marc:subfield><marc:subfield code="b">IISG</marc:subfield><marc:subfield code="c">IISG</marc:subfield><marc:subfield code="j">A 601/5</marc:subfield><marc:subfield code="p">N10047880</marc:subfield></marc:datafield><marc:datafield ind1=" " ind2=" " tag="901"><marc:subfield code="a">307455</marc:subfield><marc:subfield code="b">Unknown</marc:subfield><marc:subfield code="c">307455</marc:subfield><marc:subfield code="t">biblio</marc:subfield></marc:datafield><marc:datafield ind1=" " ind2=" " tag="902"><marc:subfield code="a">10622/8FBBAB23-E3BF-4471-8E96-BCA0E0342C55</marc:subfield></marc:datafield></marc:record>